<record><leader>00000cas a2200000 a 4500</leader><controlfield tag="001">35369556</controlfield><controlfield tag="008">960905d19631980azuwr ne      0    0eng d</controlfield><datafield ind1=" " ind2=" " tag="010"><subfield code="a">sn 96060769 </subfield></datafield><datafield ind1=" " ind2=" " tag="040"><subfield code="a">ANN</subfield><subfield code="b">eng</subfield><subfield code="c">ANN</subfield><subfield code="d">OCLCQ</subfield><subfield code="d">OCLCF</subfield><subfield code="d">OCLCO</subfield></datafield><datafield ind1=" " ind2=" " tag="042"><subfield code="a">msc</subfield></datafield><datafield ind1=" " ind2=" " tag="043"><subfield code="a">n-us-az</subfield></datafield><datafield ind1="0" ind2="0" tag="245"><subfield code="a">Red Rock news.</subfield></datafield><datafield ind1=" " ind2=" " tag="260"><subfield code="a">Sedona, Ariz. :</subfield><subfield code="b">Larson Pub. Co.,</subfield><subfield code="c">1963-1980.</subfield></datafield><datafield ind1=" " ind2=" " tag="300"><subfield code="a">v. :</subfield><subfield code="b">ill.</subfield></datafield><datafield ind1=" " ind2=" " tag="310"><subfield code="a">Weekly</subfield></datafield><datafield ind1="0" ind2=" " tag="362"><subfield code="a">Oct. 3, 1963-v. 16, no. 28 (Mar. 26, 1980).</subfield></datafield><datafield ind1=" " ind2="0" tag="651"><subfield code="a">Sedona (Ariz.)</subfield><subfield code="v">Newspapers.</subfield></datafield><datafield ind1=" " ind2="0" tag="651"><subfield code="a">Oak Creek Canyon (Ariz.)</subfield><subfield code="v">Newspapers.</subfield></datafield><datafield ind1=" " ind2="7" tag="655"><subfield code="a">Newspapers.</subfield><subfield code="2">fast</subfield><subfield code="0">(OCoLC)fst01423814</subfield></datafield><datafield ind1=" " ind2="7" tag="651"><subfield code="a">Arizona</subfield><subfield code="z">Oak Creek Canyon.</subfield><subfield code="2">fast</subfield><subfield code="0">(OCoLC)fst01257006</subfield></datafield><datafield ind1=" " ind2="7" tag="651"><subfield code="a">Arizona</subfield><subfield code="z">Sedona.</subfield><subfield code="2">fast</subfield><subfield code="0">(OCoLC)fst01219227</subfield></datafield><datafield ind1=" " ind2=" " tag="752"><subfield code="a">United States</subfield><subfield code="b">Arizona</subfield><subfield code="c">Coconino</subfield><subfield code="d">Sedona.</subfield></datafield><datafield ind1="0" ind2="0" tag="785"><subfield code="t">Sedona red rock news</subfield><subfield code="w">(DLC)sn 89006224</subfield><subfield code="w">(OCoLC)10705462</subfield></datafield></record>